@article{helliwell2012state,
  title={The state of world happiness},
  author={Helliwell, John F and Wang, Shun},
  journal={World happiness report},
  pages={10--57},
  year={2012},
  publisher={The Earth Institute, Columbia University New York}
}

